@article{Feng8388,
	author = {Feng, Ling and Li, Baowen and Podobnik, Boris and Preis, Tobias and Stanley, H. Eugene},
	title = {Linking agent-based models and stochastic models of financial markets},
	volume = {109},
	number = {22},
	pages = {8388--8393},
	year = {2012},
	doi = {10.1073/pnas.1205013109},
	publisher = {National Academy of Sciences},
	issn = {0027-8424},
	URL = {https://www.pnas.org/content/109/22/8388},
	eprint = {https://www.pnas.org/content/109/22/8388.full.pdf},
	journal = {Proceedings of the National Academy of Sciences}
}

@book{Finance,
	title={Finance with Monte Carlo},
	author={Ronald W. Shonkwiler},
	isbn={978-1-4614-8510-0},
	series={Springer Undergraduate Texts in Mathematics and Technology},
	year={2013},
	publisher={Springer},
	chapter={7},
	keywords = {Finance}
}

@online{Scipy,
	author    ={SciPy developers},
	title     = {Scipy optimization doc},
	url       = {https://docs.scipy.org/doc/scipy/reference/tutorial/optimize.html},
	keywords  = {optimization}
}

@online{Scipy-brent,
	author={SciPy developers},
	title = {Scipy brent's method document},
	url = {https://docs.scipy.org/doc/scipy/reference/reference/generated/scipy.optimize.brentq.html#scipy.optimize.brentq},
	keywords = {optimization,brent}
}

@online{Numpy,
	author    ={SciPy developers},
	title     = {Numpy scintific programing package},
	url       = {https://numpy.org/doc/stable/},
	keywords  = {software}
}

@online{matlab,
	author    = {MathWorks},
	title     = {Matlab Constrained Optimization algorithms},
	url       = {https://www.mathworks.com/help/optim/ug/constrained-nonlinear-optimization-algorithms.html#bsgppl4},
	keywords  = {software}
}

@online{SQP,
	author = {Dieter Kraft},
	title = { A software package for sequential quadratic programming},
	url = {http://degenerateconic.com/wp-content/uploads/2018/03/DFVLR_FB_88_28.pdf},
}

@book{NLP,
	author = {Mokhtar S. Bazarra, Hanif D. Sherali, C. M. Shetty},
	title = {Nonlinear Programming Theory And Algorithms},
	publisher={Jhon Wiley \& Sons},
	year = {2006},
	chapter={3}
}